@book{hasankhalil_2002_solutions,
  author = {Ḥasan Khalīl},
  publisher = {Prentice Hall},
  title = {Solutions manual nonlinear systems},
  year = {2002}
}

@article{kuantama_2018_feedback,
  author = {Kuantama, Endrowednes and Tarca, Ioan and Tarca, Radu},
  month = {04},
  title = {Feedback Linearization LQR Control for Quadcopter Position Tracking},
  doi = {10.1109/codit.2018.8394911},
  urldate = {2021-01-16},
  year = {2018},
  journal = {2018 5th International Conference on Control, Decision and Information Technologies (CoDIT)}
}

@book{larsgrune_2017_nonlinear,
  author = {Lars Grüne and Jürgen Pannek},
  publisher = {Springer},
  title = {Nonlinear model predictive control : theory and algorithms},
  year = {2017}
}

@article{duartemadrid_2017_dynamic,
  author = {Duarte Madrid, Juan Libardo and Henao, P A Ospina and Querubín, E González},
  month = {06},
  pages = {012005},
  title = {Dynamic Modeling and Simulation of an Underactuated System},
  doi = {10.1088/1742-6596/850/1/012005},
  volume = {850},
  year = {2017},
  journal = {Journal of Physics: Conference Series}
}

@book{levine_1996_the,
  author = {Levine, William S},
  publisher = {New York},
  title = {The Control handbook},
  year = {1996}
}

@book{corke_2017_robotics,
  author = {Corke, Peter I},
  publisher = {Springer},
  title = {Robotics, vision and control : fundamental algorithms in MATLAB®},
  year = {2017}
}

@misc{renton_mcha4000,
  author = {Renton, Chris},
  publisher = {The University of Newcastle},
  title = {MCHA4000 Lecture Slides},
  urldate = {2021-01-17}
}

@book{franklin_2015_feedback,
  author = {Franklin, Gene F and J  David Powell and Abbas Emami-Naeini},
  publisher = {Pearson},
  title = {Feedback control of dynamic systems},
  year = {2015}
}

@misc{rabaey_optimization,
  author = {Rabaey, Jan},
  publisher = {University of California Berkeley},
  title = {Optimization Toolbox},
  url = {http://bwrcs.eecs.berkeley.edu/Classes/icdesign/ee141_s03/Project/Project1_solutions/fmincon.pdf}
}

@misc{a2001_computation,
  month = {06},
  publisher = {The MathWorks Inc},
  title = {Computation Visualization Programming For Use with MATLAB ® User's Guide Optimization Toolbox},
  url = {https://www.cs.ubc.ca/~murphyk/Software/CRF/MatlabOptimizationToolbox.pdf},
  year = {2001}
}

@misc{crane,
  title = {Crane Clipart transparent PNG - StickPNG},
  url = {https://www.stickpng.com/img/tools-and-parts/cranes/crane-clipart},
  urldate = {2021-01-19},
  organization = {www.stickpng.com}
}

@misc{wolff,
  title = {WOLFF History - WOLFFKRAN},
  url = {https://www.wolffkran.com/website/en/gb/company/history},
  urldate = {2021-01-20},
  organization = {www.wolffkran.com}
}

@misc{beach_new,
  author = {Beach, Beach},
  title = {New 3D house printer cranks out 1,000 square feet a day},
  url = {https://inhabitat.com/portable-apis-cor-3d-printer-crafts-a-multi-story-630-square-foot-home-i-a-day/},
  urldate = {2021-01-20},
  organization = {inhabitat.com}
}

@misc{medlicott_blog,
  author = {Medlicott, Giles},
  title = {Blog - ExoSlide},
  url = {https://www.exoslide.com/blog/moving-gantry-3D-printer-design},
  urldate = {2021-01-20},
  organization = {www.exoslide.com}
}

@book{imichaelross_2015_a,
  author = {I  Michael Ross},
  publisher = {Collegiate Publishers, Cop},
  title = {A primer on Pontryagin's principle in optimal control},
  year = {2015}
}

@book{luenberger_1979_introduction,
  author = {Luenberger, David G},
  publisher = {Wiley},
  title = {Introduction to dynamic systems : theory, models, and applications},
  year = {1979}
}

@book{kamien_2012_dynamic,
  author = {Kamien, Morton I and Schwartz, Nancy L},
  publisher = {Dover},
  title = {Dynamic optimization : the calculus of variations and optimal control in economics and management},
  year = {2012}
}

@article{ross_2016_a,
  author = {Ross, Isaac M. and Karpenko, Mark and Proulx, Ronald J.},
  pages = {462-467},
  title = {A Nonsmooth Calculus for Solving Some Graph-Theoretic Control Problems**This research was sponsored by the U.S. Navy.},
  doi = {10.1016/j.ifacol.2016.10.208},
  urldate = {2021-01-20},
  volume = {49},
  year = {2016},
  journal = {IFAC-PapersOnLine}
}

@article{shampine_1997_the,
  author = {Shampine, Lawrence F. and Reichelt, Mark W.},
  month = {01},
  pages = {1-22},
  title = {The MATLAB ODE Suite},
  doi = {10.1137/s1064827594276424},
  url = {https://www.mathworks.com/help/pdf_doc/otherdocs/ode_suite.pdf},
  urldate = {2021-01-20},
  volume = {18},
  year = {1997},
  journal = {SIAM Journal on Scientific Computing}
}

@misc{a2019_3d,
  month = {05},
  title = {3D printing in focus – the Additive Manufacturing Pavilion},
  url = {https://amtil.com.au/3d-printing-in-focus-the-additive-manufacturing-pavilion/},
  urldate = {2021-01-21},
  year = {2019},
  organization = {AMTIL}
}

@misc{kinematics,
  publisher = {Oxford Dictionary},
  title = {Kinematics | Definition of Kinematics by Oxford Dictionary on Lexico.com also meaning of Kinematics},
  url = {https://www.lexico.com/definition/kinematics},
  organization = {Lexico Dictionaries | English}
}