@book{hasankhalil_2002_solutions,
  author = {Ḥasan Khalil},
  publisher = {Prentice Hall},
  title = {Solutions manual nonlinear systems},
  year = {2002}
}

@article{kuantama_2018_feedback,
  author = {Kuantama, Endrowednes and Tarca, Ioan and Tarca, Radu},
  month = {04},
  title = {Feedback Linearization LQR Control for Quadcopter Position Tracking},
  doi = {10.1109/codit.2018.8394911},
  urldate = {2021-01-16},
  year = {2018},
  journal = {2018 5th International Conference on Control, Decision and Information Technologies (CoDIT)}
}

@book{larsgrune_2017_nonlinear,
  author = {Lars Grüne and Jürgen Pannek},
  publisher = {Springer},
  title = {Nonlinear model predictive control : theory and algorithms},
  year = {2017}
}

@article{duartemadrid_2017_dynamic,
  author = {Duarte Madrid, Juan Libardo and Henao, P A Ospina and Querubin, E Gonzalez},
  month = {06},
  pages = {012005},
  title = {Dynamic Modeling and Simulation of an Underactuated System},
  doi = {10.1088/1742-6596/850/1/012005},
  volume = {850},
  year = {2017},
  journal = {Journal of Physics: Conference Series}
}

@book{levine_1996_the,
  author = {Levine, William S},
  publisher = {New York},
  title = {The Control handbook},
  year = {1996}
}

@book{corke_2017_robotics,
  author = {Corke, Peter I},
  publisher = {Springer},
  title = {Robotics, vision and control : fundamental algorithms in MATLAB®},
  year = {2017}
}

@misc{renton_mcha4000,
  author = {Renton, Chris},
  publisher = {The University of Newcastle},
  title = {MCHA4000 Lecture Slides},
  urldate = {2021-01-17}
}

@book{franklin_2015_feedback,
  author = {Franklin, Gene F and J  David Powell and Abbas Emami-Naeini},
  publisher = {Pearson},
  title = {Feedback control of dynamic systems},
  year = {2015}
}

@misc{rabaey_optimization,
  author = {Rabaey, Jan},
  publisher = {University of California Berkeley},
  title = {Optimization Toolbox},
  url = {http://bwrcs.eecs.berkeley.edu/Classes/icdesign/ee141_s03/Project/Project1_solutions/fmincon.pdf}
}

@misc{a2001_computation,
  month = {06},
  publisher = {The MathWorks Inc},
  title = {Computation Visualization Programming For Use with MATLAB ® User's Guide Optimization Toolbox},
  url = {https://www.cs.ubc.ca/~murphyk/Software/CRF/MatlabOptimizationToolbox.pdf},
  year = {2001}
}

@misc{crane,
  title = {Crane Clipart transparent PNG - StickPNG},
  url = {https://www.stickpng.com/img/tools-and-parts/cranes/crane-clipart},
  urldate = {2021-01-19},
  organization = {www.stickpng.com}
}