@article{hartenberg1955kinematic,
  title={A kinematic notation for lower pair mechanisms based on matrices},
  author={Hartenberg, Richard S and Denavit, Jacques},
  journal={Journal of applied mechanics},
  volume={77},
  number={2},
  pages={215--221},
  year={1955}
}

@book{hartenberg1964kinematic,
  title={Kinematic synthesis of linkages},
  author={Hartenberg, Richard and Danavit, Jacques},
  year={1964},
  publisher={New York: McGraw-Hill}
}

@article{zhang,
author = {Zhang, Zhengyou},
year = {2000},
month = {12},
pages = {1330 - 1334},
title = {A Flexible New Technique for Camera Calibration},
volume = {22},
journal = {Pattern Analysis and Machine Intelligence, IEEE Transactions on},
doi = {10.1109/34.888718}
}

@article{bouguet2004camera,
  title={Camera calibration toolbox for matlab},
  author={Bouguet, J-Y},
  journal={http://www. vision. caltech. edu/bouguetj/calib\_doc/index. html},
  year={2004}
}

@inproceedings{ke2017efficient,
  title={An efficient algebraic solution to the perspective-three-point problem},
  author={Ke, Tong and Roumeliotis, Stergios I},
  booktitle={Proceedings of the IEEE Conference on Computer Vision and Pattern Recognition},
  pages={7225--7233},
  year={2017}
}

@inproceedings{penrose1955generalized,
  title={A generalized inverse for matrices},
  author={Penrose, Roger},
  booktitle={Mathematical proceedings of the Cambridge philosophical society},
  volume={51},
  pages={406--413},
  year={1955},
  organization={Cambridge University Press}
}

@article{moore1920reciprocal,
  title={On the reciprocal of the general algebraic matrix},
  author={Moore, Eliakim H},
  journal={Bull. Am. Math. Soc.},
  volume={26},
  pages={394--395},
  year={1920}
}

@book{siciliano2010robotics,
  title={Robotics: modelling, planning and control},
  author={Siciliano, Bruno and Sciavicco, Lorenzo and Villani, Luigi and Oriolo, Giuseppe},
  year={2010},
  publisher={Springer Science \& Business Media}
}

@book{corke2017robotics,
  title={Robotics, vision and control: fundamental algorithms in MATLAB{\textregistered} second, completely revised},
  author={Corke, Peter},
  volume={118},
  year={2017},
  publisher={Springer}
}

@online{FlirSystems,
  title = {CMLN-13S2C-CS USB2 Camera, photograph},
  author = {FlirSystems},
  year={2020},
  howpublished = {\url{https://www.flir.com.au/products/usb2-cameras/}},
  note = {Viewed: 18/07/2020}
}

@book{Banavar2008,
  title = {Robotics, Geometry and Control - Rigid body motion and geometry, Lecture slides},
  author = {Ravi Banavar},
  year = {2008}
}

@book{RentonManipulatorDynamics,
  title = {Robotic Manipulator Kinematics I, Mechatronic Design II (MCHA 3900) Lecture slides},
  author = {Chris Renton},
  year = {2019a},
}

@online{Microscan,
  title = {The features of blobs in images},
  author = {Microscan},
  year={2020},
  howpublished = {\url{https://files.microscan.com/helpfiles/visionscapetools_help_file/visionscape_tools_reference-09-021.html}},
  note = {Viewed: 18/07/2020}
}

@inproceedings{choi2008path,
  title={Path planning based on b{\'e}zier curve for autonomous ground vehicles},
  author={Choi, Ji-wung and Curry, Renwick and Elkaim, Gabriel},
  booktitle={Advances in Electrical and Electronics Engineering-IAENG Special Edition of the World Congress on Engineering and Computer Science 2008},
  pages={158--166},
  year={2008},
  organization={IEEE}
}

@online{RoboDK,
  title = {Robot modelling software},
  author = {RoboDK},
  year={2020},
  howpublished = {\url{https://robodk.com/}},
  note = {Viewed: 18/07/2020}
}

@online{RoboDKparams,
  title = {Python API examples},
  author = {RoboDK},
  year={2020},
  howpublished = {\url{https://robodk.com/Python-API-examples}},
  note = {Viewed: 18/07/2020}
}

@book{RentonDifferentialKinematics,
  title = {Robotic Manipulator Differential Kinematics, Mechatronic Design II (MCHA 3900) Lecture slides},
  author = {Chris Renton},
  year = {2019b},
}

@book{li2009encyclopedia,
  title={Encyclopedia of Biometrics: I-Z.},
  author={Li, Stan Z},
  volume={2},
  year={2009},
  publisher={Springer Science \& Business Media}
}

@inproceedings{krizhevsky2012imagenet,
  title={Imagenet classification with deep convolutional neural networks},
  author={Krizhevsky, Alex and Sutskever, Ilya and Hinton, Geoffrey E},
  booktitle={Advances in neural information processing systems},
  pages={1097--1105},
  year={2012}
}


 @INPROCEEDINGS{252103,
  author={A. {Bernardini} and S. {De Fina}},
  booktitle={[1991] Proceedings of the 34th Midwest Symposium on Circuits and Systems}, 
  title={A neural network to approximate nonlinear functions}, 
  year={1991},
  volume={},
  number={},
  pages={545-548 vol.1},
}

@article{hubel1959receptive,
  title={Receptive fields of single neurones in the cat's striate cortex},
  author={Hubel, David H and Wiesel, Torsten N},
  journal={The Journal of physiology},
  volume={148},
  number={3},
  pages={574},
  year={1959},
  publisher={Wiley-Blackwell}
}

@online{neuralnetworkarch,
  title = {Designing Your Neural Networks },
  author = {Lavanya Shukla},
  year={2020},
  howpublished = {\url{
https://www.kdnuggets.com/2019/11/designing-neural-networks.html}},
  note = {Viewed: 18/07/2020}
}

@inproceedings{huang2017speed,
  title={Speed/accuracy trade-offs for modern convolutional object detectors},
  author={Huang, Jonathan and Rathod, Vivek and Sun, Chen and Zhu, Menglong and Korattikara, Anoop and Fathi, Alireza and Fischer, Ian and Wojna, Zbigniew and Song, Yang and Guadarrama, Sergio and others},
  booktitle={Proceedings of the IEEE conference on computer vision and pattern recognition},
  pages={7310--7311},
  year={2017}
}

@article{spratling1996uncalibrated,
  title={Uncalibrated visual servoing},
  author={Spratling, Michael W and Cipolla, Roberto},
  year={1996}
}

@inproceedings{nomura2000integrated,
  title={Integrated visual servoing system to grasp industrial parts moving on conveyer by controlling 6DOF arm},
  author={Nomura, Hideki and Naito, Takashi},
  booktitle={Smc 2000 conference proceedings. 2000 ieee international conference on systems, man and cybernetics.'cybernetics evolving to systems, humans, organizations, and their complex interactions'(cat. no. 0},
  volume={3},
  pages={1768--1775},
  year={2000},
  organization={IEEE}
}

@article{gans2007stable,
  title={Stable visual servoing through hybrid switched-system control},
  author={Gans, Nicholas R and Hutchinson, Seth A},
  journal={IEEE Transactions on Robotics},
  volume={23},
  number={3},
  pages={530--540},
  year={2007},
  publisher={IEEE}
}

@article{tsai2014hybrid,
  title={A hybrid switched reactive-based visual servo control of 5-DOF robot manipulators for pick-and-place tasks},
  author={Tsai, Chi-Yi and Wong, Ching-Chang and Yu, Chia-Jun and Liu, Chih-Cheng and Liu, Tsung-Yen},
  journal={IEEE Systems Journal},
  volume={9},
  number={1},
  pages={119--130},
  year={2014},
  publisher={IEEE}
}

@online{github,
  title = {Tensorflow Github repository},
  author = {Tensorflow},
  year={2020},
  howpublished = {\url{https://github.com/tensorflow/models/tree/master/research/object_detection}},
  note = {Viewed: 18/07/2020}
}
