%% This BibTeX bibliography file was created using BibDesk.
%% http://bibdesk.sourceforge.net/


%% Created for Chris Renton at 2013-10-29 11:09:03 +1100 


%% Saved with string encoding Unicode (UTF-8) 



@book{Franklin,
	Author = {Franklin, G. F., Powell, J. D., Workman, M. L.},
	Date-Added = {2018-11-26 6:50:06 +0000},
	Date-Modified = {2018-11-26 6:50:06 +0000},
	Publisher = {Addison-wesley},
	Title = {Digital Control of Dynamic Systems},
	Year = {1998}}


